<?xml version="1.0" encoding="UTF-8"?><collection xmlns="http://www.loc.gov/MARC21/slim"><record><leader>00558nam--2200205-u-4500</leader><controlfield tag="001">000052201</controlfield><controlfield tag="002">20161230</controlfield><controlfield tag="005">20161230201050</controlfield><controlfield tag="008">100520s1000------------r-----000-0-rus-d</controlfield><datafield ind1=" " ind2=" " tag="040"><subfield code="a">IFIN-HH</subfield></datafield><datafield ind1=" " ind2=" " tag="041"><subfield code="a">rus</subfield></datafield><datafield ind1=" " ind2=" " tag="080"><subfield code="a">519.217</subfield></datafield><datafield ind1="1" ind2=" " tag="100"><subfield code="a">Chung, Kai-Lai</subfield></datafield><datafield ind1="1" ind2="0" tag="245"><subfield code="a">Odnorodnie tsepi Markova</subfield><subfield code="c">Kai-Lai Chung</subfield></datafield><datafield ind1=" " ind2=" " tag="260"><subfield code="a">Moskva</subfield><subfield code="b">Mir</subfield><subfield code="c">1964</subfield></datafield><datafield ind1=" " ind2=" " tag="300"><subfield code="a">425 p</subfield></datafield><datafield ind1=" " ind2=" " tag="500"><subfield code="a">Titlul original lb. Engleza: Markov Chains with Stationary Transitions Probabilities</subfield></datafield><datafield ind1=" " ind2=" " tag="650"><subfield code="a">Probabilities</subfield></datafield><datafield ind1=" " ind2=" " tag="852"><subfield code="a">20690</subfield><subfield code="c">519.2</subfield></datafield><datafield ind1=" " ind2=" " tag="CAT"><subfield code="a">Sys</subfield><subfield code="c">20100520</subfield><subfield code="h">132107</subfield></datafield></record></collection>